@book{mcb,
  author    = {ボルディモア，ロディッシュ，ダーネル and others},
  title     = {『分子細胞生物学 第4版』},
  publisher = {東京化学同人},
  year      = {2001年9月10日},
  note      = {野田晴彦，丸山工作 訳}
}

@book{mcbe,
  author    = {D.Baltimore, H. Lodish, J. E. Darnell and others},
  title     = {MOLECULAR CELL BIOLOGY, Fourth Edition},
  publisher = {W. H. Freeman},
  year      = {2000}
}